
@misc{man,
  title={{ptrace man page}},
  url={http://man7.org/linux/man-pages/man2/ptrace.2.html},
}

@misc{sman,
  title={{strace man page}},
  url={https://linux.die.net/man/1/strace},
}

@misc{lman,
  title={{ltrace man page}},
  url={https://linux.die.net/man/1/ltrace},
}

@misc{blog,
  title={{How does strace work?}},
  url={https://blog.packagecloud.io/eng/2016/02/29/how-does-strace-work/},
}

@misc{code,
  title={{linux/kernel/ptrace.c}},
  url={https://github.com/torvalds/linux/blob/v3.13/kernel/ptrace.c#L1036},
}

@misc{gcc,
title = {{GNU gcc}},
note = {\url{http://gcc.gnu.org/}},
    author = {Free Software Foundation},
    year = {2013}
}


@misc{journal,
title = {{Linux journal}},
note = {\url{https://www.linuxjournal.com/article/6210}},
}

@article{haltingproblem,
    author = {Turing, A. M.},
    citeulike-article-id = {155758},
    journal = {Proceedings of the London Mathematical Society},
    keywords = {computability, entscheidungsproblem, turing},
    number = {42},
    pages = {230--265},
    posted-at = {2005-04-08 18:11:59},
    priority = {0},
    title = {{On Computable Numbers, with an application to the Entscheidungsproblem}},
    volume = {2},
    year = {1936}
}

